@PREAMBLE{
 "\providecommand{\noopsort}[1]{}" 
 # "\providecommand{\singleletter}[1]{#1}%" 
}

@book{wald2010general,
  title={General relativity},
  author={Wald, Robert M},
  year={2010},
  publisher={University of Chicago press}
}

@article{ishibashi2011perturbations,
  title={Perturbations and stability of static black holes in higher dimensions},
  author={Ishibashi, Akihiro and Kodama, Hideo},
  journal={Progress of Theoretical Physics Supplement},
  volume={189},
  pages={165--209},
  year={2011},
  publisher={Oxford Academic}
}

@article{collingbourne2021gregory,
  title={The {G}regory--{L}aflamme instability of the {S}chwarzschild black string exterior},
  author={Collingbourne, Sam C},
  journal={Journal of Mathematical Physics},
  volume={62},
  number={3},
  year={2021},
  publisher={AIP Publishing}
}

@article{gregory1993black,
  title={Black strings and p-branes are unstable},
  author={Gregory, Ruth and Laflamme, Raymond},
  journal={Physical review letters},
  volume={70},
  number={19},
  pages={2837},
  year={1993},
  publisher={APS}
}

@book{reed1975ii,
  title={II: Fourier analysis, self-adjointness},
  author={Reed, Michael and Simon, Barry},
  volume={2},
  year={1975},
  publisher={Elsevier}
}

@article{lehner2012final,
  title={Final state of {G}regory-{L}aflamme instability},
  author={Lehner, Luis and Pretorius, Frans},
  journal={Black holes in higher dimensions},
  pages={44--68},
  year={2012},
  publisher={Cambridge University Press, Cambridge UK}
}